@book{silvermanrational,
	title		= {Rational Points on Elliptic Curves},
	author	= {Silverman, Joseph H. and Tate, John T.},
	year		= {2015},
	publisher	= {Springer International Publishing},
	edition	= {2},
	doi		= {10.1007/978-3-319-18588-0}
}
@book{silvermanarithmetic,
	title		= {The Arithmetic of Elliptic Curves},
	author	= {Silverman, Joseph H.},
	year		= {2009},
	publisher	= {Springer-Verlag New York},
	edition	= {2},
	doi		= {10.1007/978-0-387-09494-6}
}
@book{silvermanadvanced,
	title		= {Advanced Topics in the Arithmetic of Elliptic Curves},
	author	= {Silverman, Joseph H.},
	year		= {1994},
	publisher	= {Springer-Verlag New York},
	edition	= {1},
	doi		= {10.1007/978-1-4612-0851-8}
}
@article{chou16,
	author 	= {Chou, Michael},
	title 		= {Torsion of rational elliptic curves over quartic Galois number fields},
	journal 	= {Journal of Number Theory},
	volume 	= {160},
	pages 	= {603--628},
	year 		= {2016},
	issn 		= {0022-314X},
	doi 		= {10.1016/j.jnt.2015.09.013},
	url 		= {https://www.sciencedirect.com/science/article/pii/S0022314X15003121}
}
@article{choudanielskrijannajman21,
	title		= {Torsion groups of elliptic curves over the {$\mathbb{Z}_p$}-extensions of {$\mathbb{Q}$}},
	author	= {Chou, Michael and Daniels, Harris B. and Krijan, Ivan and Najman, Filip},
	year		= {2021},
	volume	= {27},
	pages	= {99--123},
	journal	= {New York Journal of Mathematics}
}
@article{lozanorobledo06,
	title 		= {On elliptic units and {$p$}-adic Galois representations attached to elliptic curves},
	author 	= {Lozano-Robledo, {\'A}lvaro},
	year 		= {2006},
	journal 	= {Journal of Number Theory},
	volume 	= {117},
	number 	= {2},
	pages 	= {439--470},
	issn 		= {0022-314X},
	doi 		= {https://doi.org/10.1016/j.jnt.2005.07.001},
	url 		= {https://www.sciencedirect.com/science/article/pii/S0022314X05001708}
}
@article{lozanorobledo10,
	title		= {Bounds for the torsion of elliptic curves over extensions with bounded ramification},
	author	= {Lozano-Robledo, {\'A}lvaro and Lundell, Benjamin},
	year		= {2010},
	journal	= {International Journal of Number Theory},
	volume	= {6},
	number	= {6},
	pages	= {1293--1309},
	doi		= {10.1142/S1793042110003514}
}
@article{lozanorobledo13,
  	title		= {On the field of definition of {$p$}-torsion points on elliptic curves over the rationals},
  	author	= {Lozano-Robledo, {\'A}lvaro},
  	journal	= {Mathematische Annalen},
  	year		= {2013},
  	volume	= {357},
  	pages	= {279--305}
}
@article{lozanorobledo15,
	title		= {Division fields of elliptic curves with minimal ramification},
	author	= {Lozano-Robledo, {\'A}lvaro},
	journal	= {Revista Matematica Iberoamericana},
	volume	= {31},
	number	= {4},
	year		= {2015},
	pages	= {1311--1332}
	
}
@article{lozanorobledo16,
	title		= {Ramification in the division fields of elliptic curves with potential supersingular reduction},
	author	= {Lozano-Robledo, {\'A}lvaro},
	year		= {2016},
	journal	= {Research in Number Theory},
	volume	= {2},
	number	= {1},
	doi		= {10.1007/s40993-016-0040-z}		
}
@article{lozanorobledo18,
	title		= {Uniform boundedness in terms of ramification},
	author	= {Lozano-Robledo, {\'A}lvaro},
	year		= {2018},
	volume	= {4},
	number	= {6},
	journal	= {Research in Number Theory},
	doi		= {10.1007/s40993-018-0095-0}
}
@misc{lozanorobledo19,
      	title		= {Galois representations attached to elliptic curves with complex multiplication}, 
      	author	= {Lozano-Robledo, {\'A}lvaro},
      	year		= {2019},
      	eprint	= {1809.02584},
      	archivePrefix	= {arXiv},
      	primaryClass	= {math.NT},
	url 		= {https://arxiv.org/abs/1809.02584}
}
@article{lozanorobledo21,
	title 		= {A probabilistic model for the distribution of ranks of elliptic curves over {$\mathbb{Q}$}},
	author 	= {Lozano-Robledo, {\'A}lvaro},
	journal 	= {Journal of Number Theory},
	volume 	= {221},
	pages 	= {270--338},
	year 		= {2021},
	issn 		= {0022-314X},
	doi 		= {10.1016/j.jnt.2020.05.022},
	url 		= {https://www.sciencedirect.com/science/article/pii/S0022314X20301773}
}
@article{gonzalezjimenezlozanorobledo16,
	title 		= {Elliptic Curves with abelian division fields},
	author 	= {Gonz{\'a}lez-Jim{\'e}nez, Enrique and Lozano-Robledo, {\'A}lvaro},
	year 		= {2016},
	pages 	= {835--859},
	volume 	= {283},
	journal 	= {Mathematische Zeitschrift},
	doi 		= {10.1007/s00209-016-1623-z}
}
@article{gonzalezjimenezlozaborobledo17,
   	title		= {On the minimal degree of definition of {$p$}-primary torsion subgroups of elliptic curves},
	author	= {Gonz{\'a}lez-Jim{\'e}nez, Enrique and Lozano-Robledo, {\'A}lvaro},
   	volume	= {24},
   	issn		= {1945-001X},
   	url 		= {http://dx.doi.org/10.4310/MRL.2017.v24.n4.a7},
   	doi		= {10.4310/mrl.2017.v24.n4.a7},
   	number	= {4},
   	journal	= {Mathematical Research Letters},
   	publisher	= {International Press of Boston},
   	year		= {2017},
   	pages	= {1067--1096}
}
@article{gonzalezjimenezlozanorobledo18,
	title		= {On the torsion of rational elliptic curves over quartic fields},
	author	= {Gonz{\'a}lez-Jim{\'e}nez, Enrique and Lozano-Robledo, {\'A}lvaro},
	journal	= {Mathematics of Computation},
	year		= {2018},
	volume	= {87},
	pages	= {1457--1478},
	doi		= {10.1090/mcom/3235}
}
@article{gonzalezjimeneztornero10,
   	title		= {On the ubiquity of trivial torsion on elliptic curves},
	author	= {Gonz{\'a}lez-Jim{\'e}nez, Enrique and Tornero, Jos{\'e} M.},
   	volume	= {95},
   	issn		= {1420-8938},
   	url 		= {http://dx.doi.org/10.1007/s00013-010-0145-x},
   	doi		= {10.1007/s00013-010-0145-x},
   	number	= {2},
   	journal	= {Archiv der Mathematik},
   	publisher	= {Springer Science and Business Media LLC},
   	year		= {2010},
   	pages	= {135--141}
}
@article{daniels18,
	title		= {Torsion subgroups of rational elliptic curves over the compositum of all {$D_4$} extensions of the rational numbers},
	author	= {Daniels, Harris B.},
	journal	= {Journal of Algebra},
	volume	= {509},
	pages	= {535--565},
	year		= {2018}
}
@article{danielslozanorobledo15,
	title 		= {On the number of isomorphism classes of CM elliptic curves defined over a number field},
	author 	= {Daniels, Harris B. and Lozano-Robledo, {\'A}lvaro},
	journal 	= {Journal of Number Theory},
	volume 	= {157},
	pages 	= {367--396},
	year 		= {2015},
	issn 		= {0022-314X},
	doi 		= {10.1016/j.jnt.2015.05.009},
	url 		= {https://www.sciencedirect.com/science/article/pii/S0022314X15001912}
}
@misc{danielslozanorobledo19,
	title		= {Coincidences of division fields}, 
     	 author	= {Daniels, Harris B. and Lozano-Robledo, {\'A}lvaro},
      	year		= {2019},
      	eprint	= {1912.05618},
      	archivePrefix	= {arXiv},
      	primaryClass	= {math.NT},
	url 		= {https://arxiv.org/abs/1912.05618}
}
@article{kenku82,
	title 		= {On the number of {$\mathbb{Q}$}-isomorphism classes of elliptic curves in each {$\mathbb{Q}$}-isogeny class},
	author 	= {Kenku, Monsur A.},
	journal 	= {Journal of Number Theory},
	volume 	= {15},
	number 	= {2},
	pages 	= {199--202},
	year 		= {1982},
	issn 		= {0022-314X},
	doi 		= {https://doi.org/10.1016/0022-314X(82)90025-7},
	url 		= {https://www.sciencedirect.com/science/article/pii/0022314X82900257}
}
@article{parkpoonenvoightwood19,
	title		= {A heuristic for boundedness of ranks of elliptic curves},
	author	= {Park, Jennifer and Poonen, Bjorn and Voight, John and {Matchett Wood}, Melanie},
	journal	= {Journal of the European Mathematical Society},
	year		= {2019},
	doi		= {10.4171/JEMS/893}
	
}
@article{derickxsutherland17,
	title		= {Torsion subgroups of elliptic curves over quintic and sextic number fields},
	author	= {Derickx, Maarten and Sutherland, Andrew V.},
	year		= {2017},
	journal	= {Proceedings of the American Mathematical Society},
	volume	= {145},
	pages	= {4233--4245},
	doi		= {https://doi.org/10.1090/proc/13605}
}
@article{bourdonpollack17,
    author 		= {Bourdon, Abbey and Pollack, Paul},
    title 		= {Torsion Subgroups of CM Elliptic Curves over Odd Degree Number Fields},
    journal 		= {International Mathematics Research Notices},
    volume 		= {2017},
    number 	= {16},
    pages 		= {4923--4961},
    year 		= {2016},
    issn 		= {1073-7928},
    doi 		= {10.1093/imrn/rnw163},
    url 		= {https://doi.org/10.1093/imrn/rnw163},
    eprint 		= {https://academic.oup.com/imrn/article-pdf/2017/16/4923/19515350/rnw163.pdf},
}
@article{chiloyanlozanorobledo21,
  	 title		= {A classification of isogeny‐torsion graphs of {$\mathbb{Q}$}‐isogeny classes of elliptic curves},
	author	= {Chiloyan, Garen and Lozano‐Robledo, {\'A}lvaro},
   	volume	= {8},
   	issn		= {2052-4986},
   	url 		= {http://dx.doi.org/10.1112/tlm3.12024},
   	doi		= {10.1112/tlm3.12024},
   	number	= {1},
   	journal	= {Transactions of the London Mathematical Society},
   	publisher	= {Wiley},
   	year		= {2021},
   	pages	= {1--34}
}
@article{galgrizzard14,
     	title = {On the compositum of all degree {$d$} extensions of a number field},
     	author = {Gal, Itamar and Grizzard, Robert},
     	journal = {Journal de Th{\'e}orie des Nombres de Bordeaux},
     	pages = {655--672},
     	publisher = {Soci{\'e}t{\'e} Arithm{\'e}tique de Bordeaux},
     	volume = {26},
     	number = {3},
     	year = {2014},
     	doi = {10.5802/jtnb.884},
     	zbl = {06561053},
     	mrnumber = {3320497},
     	url = {www.numdam.org/item/JTNB_2014__26_3_655_0/}
}
@article{garciaselfgonzalezjimeneztornero10,
  	title		= {Galois theory, discriminants and torsion subgroup of elliptic curves},
  	author	= {Garc{\'i}a-Selfa, Irene and Gonz{\'a}lez-Jim{\'e}nez, Enrique and Tornero, Jos{\'e} M.},
  	journal	= {Journal of Pure and Applied Algebra},
  	year		= {2010},
  	volume	= {214},
  	pages	= {1340--1346}
}
@article{harronsnowden17,
	title		= {Counting elliptic curves with prescribed torsion},
	author	= {Harron, Robert and Snowden, Andrew},
	year		= {2017},
	journal	= {Journal f{\"u}r die reine und angewandte Mathematik},
	volume	= {729},
	pages	= {151--170},
	doi		= {10.1515/crelle-2014-0107}
}
@article{jeonschweizer20,
	title		= {Torsion of rational elliptic curves over different types of cubic fields},
	author	= {Jeon, Daeyeol and Schweizer, Andreas},
	journal	= {International Journal of Number Theory},
	year		= {2020},
	volume	= {16},
	number	= {6},
	pages	= {1307--1323},
	doi		= {10.1142/S1793042120500682}
}
@article{zimmerstrohermuller89,
	title		= {Torsion groups of elliptic curves with integral {$j$}-invariant over quadratic fields},
	author	= {Zimmer, H.G.  and Str{\"o}her, H. and M{\"u}ller, H.H.},
	journal	= {Journal f{\"u}r die reine und angewandte Mathematik},
	year		= {1989},
	pages	= {100--161},
	volume	= {397},
	doi		= {10.1515/crll.1989.397.100}
}
@article{fungstroherwilliamszimmer89,
	title		= {Torsion Groups of Elliptic Curves with Integral {$j$}-invariant over Pure Cubic Fields},
	author	= {Fung, G.W. and Str{\"o}her, H and Williams, H.C. and Zimmer, H.G.},
	journal	= {Journal of Number Theory},
	year		= {1990},
	pages	= {12--45},
	volume	= {36},
	number	= {1},
	doi		= {10.1016/0022-314X(90)90003-A}
}
@article{pethoweiszimmer97,
	author	= {Peth{\"o}, Attila and Weis, Thomas and Zimmer, Horst G.},
	title		= {Torsion Groups of Elliptic Curves with Integral $j$-Invariant over General Cubic Number Fields},
	year		= {1997},
	volume	= {7},
	number	= {3},
	pages	= {353--413},
	journal	= {International Journal of Algebra and Computation},
	doi		= {10.1142/S0218196797000174}
}
@article{kishi97,
	author	 = {Kishi, Toshiharu},
	year		= {1997},
	title		= {On Torsion Subgroups of Elliptic Curves with Integral $j$-Invariant over Imaginary Cyclic Quartic Fields},
	journal	= {Tokyo Journal of Mathematics},
	volume	= {20},
	number	= {2},
	pages	= {315--329},
	doi		= {10.3836/tjm/1270042106}
}
@article{bruinnajman17,
	title		= {Fields of definition of elliptic curves with prescribed torsion},
	author	= {Bruin, Peter and Najman, Filip},
	journal	= {Acta Arithmetica},
	year		= {2017},
	volume	= {181},
	pages	= {85--95},
	doi		= {10.4064/aa170323-20-9}
}
@misc{bruinnajman20,
      	title		= {Counting elliptic curves with prescribed level structures over number fields}, 
      	author	= {Bruin, Peter and Najman, Filip},
      	year		= {2020},
      	eprint	= {2008.05280},
      	archivePrefix	= {arXiv},
      	primaryClass	= {math.NT},
	url 		= {https://arxiv.org/abs/2008.05280}
}
@misc{cremonanajman21,
      	title		= {{$\mathbb{Q}$}-curves over odd degree number fields}, 
      	author	= {Cremona, John and Najman, Filip},
      	year		= {2021},
      	eprint	= {2004.10054},
      	archivePrefix	= {arXiv},
      	primaryClass	= {math.NT},
	url 		= {https://arxiv.org/abs/2004.10054}
}
@article{lefournnajman20,
	title		= {Torsion of {$\mathbb{Q}$}-curves over quadratic fields},
	author	= {Le Fourn, Samuel and Najman, Filip},
	journal	= {Mathematical Research Letters},
	pages	= {209--225},
	year		= {2020},
	volume	= {27},
	number	= {1}
}
@article{derickxnajman19,
	title 		= {Torsion of elliptic curves over cyclic cubic fields},
	author 	= {Derickx, Maarten and Najman, Filip},
	year		= {2019},
	volume	= {88},
	number	= {319},
	pages	= {2443--2459},
	journal	= {Mathematics of Computation},
	doi 		= {10.1090/mcom/3408}
}
@article{gonzalezjimeneznajman20,
	title 		= {An Algorithm for Determining Torsion Growth of Elliptic Curves},
	author 	= {Gonz{\'a}lez-Jim{\'e}nez, Enrique and Najman, Filip},
	journal 	= {Experimental Mathematics},
	volume 	= {0},
	number 	= {0},
	pages 	= {1--12},
	year  	= {2020},
	publisher 	= {Taylor \& Francis},
	doi 		= {10.1080/10586458.2020.1771638},
	url 		= {https://doi.org/10.1080/10586458.2020.1771638},
	eprint 	= {https://doi.org/10.1080/10586458.2020.1771638}
}
@article{bosmanbruindujellanajman13,
   	title		= {Ranks of Elliptic Curves with Prescribed Torsion over Number Fields},
	author	= {Bosman, Johan and Bruin, Peter and Dujella, Andrej and Najman, Filip},
   	volume	= {2014},
   	issn		= {1073-7928},
   	url 		= {http://dx.doi.org/10.1093/imrn/rnt013},
   	doi		= {10.1093/imrn/rnt013},
   	number	= {11},
   	journal	= {International Mathematics Research Notices},
   	publisher	= {Oxford University Press (OUP)},
   	year		= {2013},
   	pages	= {2885--2923}
}
@article{bosmanbruindujellanajman14,
	author	= {Bosman, Johan G. and Bruin, Peter J. and Dujella, Andrej and Najman, Filip},
	title 		= {Ranks of Elliptic Curves with Prescribed Torsion over Number Fields},
    journal 		= {International Mathematics Research Notices},
    volume 		= {2014},
    number 	= {11},
    pages 		= {2885--2923},
    year 		= {2013},	
    doi 		= {10.1093/imrn/rnt013},
    url 		= {https://doi.org/10.1093/imrn/rnt013},
}
@article{rousezureickbrown15,
	title		= {Elliptic curves over $\mathbb{Q}$ and 2-adic images of Galois},
	author	= {Rouse, Jeremy and Zureick-Brown, David},
	year		= {2015},
	journal	= {Research in Number Theory},
	volume	= {1},
	number	= {12},
	url 		= {https://doi.org/10.1007/s40993-015-0013-7},
	doi		= {10.1007/s40993-015-0013-7}
}
@book{vogel68,
	author	= {Vogel, Kurt},
	title		= {{N}eun {B}ucher {a}rithmetischer {T}echnik},
	publisher	= {{B}raunschweig: {V}ieweg},
	year		= {1968}
}
@book{katz09,
	title		= {A History of Mathematics: An Introduction},
	author	= {Katz, Victor J.},
	publisher	= {Boston: Addison-Wesley},
	year		= {2009},
	edition	= {second edition}
}
@article{selmer51,
	author	= {Selmer, Ernst},
	title		= {The Diophantine equation $ax^3 + by^3 + cz^3= 0$},
	journal	= {Acta Mathematica},
	volume	= {85},
	year		= {1951},
	pages	= {203--362}
}
@misc{conradselmer,
	author	= {Conrad, Keith},
	title		= {Selmer's Example},
	url 		= {https://kconrad.math.uconn.edu/blurbs/gradnumthy/selmerexample.pdf}
}
@article{matiyasevich93,
	author	= {Matiyasevich, Yuri V.},
	title		= {Hilbert's Tenth Problem},
	publisher	= {MIT Press, Cambridge Massachusetts},
	year		= {1993}
}
@article{hilbert1,
	author	= {Martinez-Ranero, Carlos and Utreras, Javier and Videla, Carlos R.},
	journal	= {Proceedings of the American Mathematical Society},
	year		= {2020},
	volume	= {148},
	number	= {3},
	pages	= {961--964},
	doi		= {https://doi.org/10.1090/proc/14849}
}
@misc{hilbert2,
	author	= {Eisentr\"ager, Kirsten and Miller, Russell and Springer, Caleb and Westrick, Linda},
	title		= {A Topological Approach to Undefinability in Algebraic Extensions of $\Q$},
      year		={2020},
      eprint		={2010.09551},
      archivePrefix ={arXiv},
      primaryClass ={math.NT},
      url 		= {https://arxiv.org/abs/2010.09551}
}
@article{hilbert3,
	author	= {Springer, Caleb},
	journal	= {Proceedings of the American Mathematical Society},
	year		= {2020},
	volume	= {148},
	pages	= {4705--4715},
	doi		= {https://doi.org/10.1090/proc/15153}
}
@article{poonenhilbert,
	author	= {Poonen, Bjorn},
	title		= {Hilbert's Tenth Problem over Rings of Number-Theoretic Interest},
	url 		= {https://math.mit.edu/~poonen/papers/aws2003.pdf},
	year		= {2003}
}
@article{schoof96,
	author	= {Schoof, Ren\'e and Schappacher, Norbert},
	title		= {Beppo Levi and the arithmetic of elliptic curves},
	year		= {1996},
	volume	= {18},
	number	= {1},
	pages	= {57--69}
}
@article{mazur77,
	author	= {Mazur, Barry},
	year		= {1977},
	title		= {Modular curves and the Eisenstein ideal},
	journal	= {Publications math\'ematiques de l'IH\'ES},
	volume	= {47},
	pages	= {33--186}
}
@article{mazur78,
	author	= {Mazur, Barry},
	year		= {1978},
	title		= {Rational isogenies of prime degree},
	journal	= {Inventiones mathematicae},
	volume	= {44},
	pages	= {129--162}
}
@misc{snowden,
	author	= {Snowden, Andrew},
	year		= {2013},
	title		= {Course on Mazur's theorem},
	url 		= {http://www-personal.umich.edu/~asnowden/teaching/2013/679/index.html}
}
@book{washington03,
	author	= {Washington, Lawrence C.},
	title		= {Elliptic Curves: Number Theory and Cryptography},
	publisher	= {Chapman \& Hall/CRC},
	year		= {2003}
}
@article{kamienny92a,
	author	= {Kamienny, Sheldon},
	title		= {Torsion points on elliptic curves and $q$-coefficients of modular forms},
	year		= {1992},
	journal	= {Inventiones Mathematicae},
	volume	= {109},
	number	= {1},
	pages	= {221--229}
}	
@article{kamienny92b,
	author	= {Kamienny, Sheldon},
	title		= {Torsion points on elliptic curves over fields of higher degree},
	year		= {1992},
	journal	= {International Mathematics Research Notices},
	volume	= {6},
	pages	= {129--133}
}	
@article{kenkumomose88,
	author	= {Kenku, M.A. and Momose, Fumiyuki},
	title		= {Torsion points on elliptic curves defined over quadratic fields},
	journal	= {Nagoya Mathematics Journal},
	volume	= {109},
	year		= {1988},
	pages	= {125--149}
}
@article{jeonkimschweizer04,
	author	= {Jeon, Daeyeol and Kim, Chang Heon and Schweizer, Andreas},
	title		= {On the torsion of elliptic curves over cubic number fields},
	year		= {2004},
	journal	= {Acta Arithmetica},
	volume	= {113},
	number	= {3},
	pages	= {291--301}
}
@article{jeonkimlee11,
	author	= {Jeon, Daeyeol and Kim, Chang Heon and Lee, Yoonjin},
	title		= {Families of elliptic curves over cubic number fields with prescribed torsion subgroups},
	journal	= {Mathematics of Computation},
	volume	= {80},
	year		= {2011},
	number	= {273},
	pages	= {579--591}
}
@article{jeon16,
	author	= {Jeon, Daeyeol},
	title		= {Families of Elliptic Curves over Cyclic Cubic Number Fields with Prescribed Torsion},
	year		= {2016},
	journal	= {Mathematics of Computation},
	pages	= {1485--1502},
	volume	= {85},
	number	= {299},
	doi		= {10.1090/mcom/3012}
}
@misc{vanhoeij14,
	author	= {van Hoeij, Mark},
	year		= {2014},
	title		= {Low degree places on the modular curve $X_1(N)$},
      	eprint	= {1202.4355},
      	archivePrefix ={arXiv},
      	primaryClass ={math.NT},
	url 		= {https://arxiv.org/abs/1202.4355}
}
@article{najman16,
	author	= {Najman, Filip},
	title		= {Torsion of rational elliptic curves over cubic fields and sporadic points on $X_1(n)$},
	year		= {2016},
	journal	= {Mathematical Research Letters},
	volume	= {23},
	number	= {1},
	pages	= {245--272}
}
@article{bruinstoll10, 
	author	= {Bruin, Nils and Stoll, Michael},
	title		= {The Mordell-Weil sieve: proving non-existence of rational points on curves}, 
	volume	= {13}, 
	doi		= {10.1112/S1461157009000187}, 
	journal	= {LMS Journal of Computation and Mathematics}, 
	publisher	= {London Mathematical Society}, 
	year		= {2010}, 
	pages	= {272--306}
}
@misc{derickx2020sporadic,
	title		= {Sporadic Cubic Torsion}, 
      	author	= {Derickx, Maarten and Etropolski, Anastassia and van~Hoeij, Mark and Morrow, Jackson S. and Zureick-Brown, David},
      year		= {2020},
      eprint		= {2007.13929},
      archivePrefix = {arXiv},
      primaryClass = {math.NT}
}
@article{jeonkimpark16,
	author	= {Jeon, Daeyeol and Kim, Chang Heon and Park, Euisung},
	title		= {On the Torsion of Elliptic Curves over Quartic Number Fields},
	journal	= {Journal of the London Mathematical Society},
	year		= {2016},
	volume	= {74},
	issue		= {1},
	pages	= {1--12},
	doi		= {10.1112/S0024610706022940}
}
@misc{deyroy19,
      	title		= {Torsion groups of Mordell curves over cubic and sextic fields}, 
      	author	= {Dey, Pallab Kanti and Roy, Bidisha},
      	year		= {2019},
      	eprint	= {1908.07791},
      	archivePrefix = {arXiv},
      	primaryClass = {math.NT}
}
@article{kamiennynajman11,
	author	= {Kamienny, Sheldon and Najman, Filip},
	title		= {Torsion groups of elliptic curves over quadratic fields},
	year		= {2011},
	journal	= {Acta Arithmetica},
	volume	= {152},
	number	= {3},
	pages	= {291--305},
	doi		= {10.4064/aa152-3-5}
}
@article{najman11,
	author	= {Najman, Filip},
	title		= {Torsion of elliptic curves over cubic fields},
	year		= {2012},
	journal	= {Journal of Number Theory},
	volume	= {132},
	issue		= {1},
	pages	= {26--36},
	doi 		= {https://doi.org/10.1016/j.jnt.2011.06.013}
}
@article{najman11cyclo,
	author	= {Najman, Filip},
	title		= {Torsion of elliptic curves over quadratic cyclotomic fields},
	year		= {2011},
	journal	= {Mathematical Journal of Okayama University},
	volume	= {53},
	pages	= {75--82}
}
@article{najman10,
	title 		= {Complete classification of torsion of elliptic curves over quadratic cyclotomic fields},
	author	= {Najman, Filip},
	journal 	= {Journal of Number Theory},
	volume 	= {130},
	number 	= {9},
	pages 	= {1964--1968},
	year 		= {2010},
	doi 		= {https://doi.org/10.1016/j.jnt.2009.12.008},
	url 		= {https://www.sciencedirect.com/science/article/pii/S0022314X10000600}
}
@article{jeonkimlee15,
	author 	= {Jeon, Daeyeol and Kim, Chang Heon and Lee, Yoonjin},

	title 		= {Families of elliptic curves with prescribed torsion subgroups over dihedral quartic fields},
	journal 	= {Journal of Number Theory},
	volume 	= {147},
	pages 	= {342--363},
	year 		= {2015},
	doi 		= {https://doi.org/10.1016/j.jnt.2014.07.014},
	url 		= {https://www.sciencedirect.com/science/article/pii/S0022314X14002534}
}
@article{jeonkimlee13,
	author 	= {Jeon, Daeyeol and Kim, Chang Heon and Lee, Yoonjin},
	title 		= {Infinite families of elliptic curves over Dihedral quartic number fields},
	journal 	= {Journal of Number Theory},
	volume 	= {133},
	number 	= {1},
	pages 	= {115-122},
	year 		= {2013},
	doi 		= {https://doi.org/10.1016/j.jnt.2012.06.014},
	url 		= {https://www.sciencedirect.com/science/article/pii/S0022314X12002119}
}
@article{jeonkimlee11quartic,
	author	= {Jeon, Daeyeol and Kim, Chang Heon and Lee, Yoonjin},
	title		= {Families of elliptic curves over quartic number fields with prescribed torsion subgroups},
	journal	= {Mathematics of Computation},
	volume	= {80},
	issue		= {276},
	year		= {2011},
	pages	= {2395--2410}
}
@article{najman12,
	author	= {Najman, Filip},
	title		= {Exceptional elliptic curves over quartic fields},
	journal	= {International Journal of Number Theory},
	volume	= {8},
	issue		= {5},
	year		= {2012},
	pages	= {1231--1246}
}
@article{silverberg88,
	author	= {Silverberg, Alice},
	title		= {Torsion points on abelian varieties of CM-type},
	journal	= {Compositio Mathematica},
	volume	= {68},
	number	= {3},
	pages	= {241--249},
	year		= {1988},
     	url 		= {http://www.numdam.org/item/CM_1988__68_3_241_0/}
}
@article{prasadyogananda01,
	author	= {Prasad, Dipendra and Yogananda, C.S.},
	year		= {2001},
	journal	= {Comptes Rendus Mathematiques de l'Academie des Sciences. La Societe Royale du Canada},
	volume	= {23},
	number	= {1},
	pages	= {1--5}
}
@article{parish89,
	author	= {Parish, J.L.},
	title		= {Rational Torsion in Complex-Multiplication Elliptic Curves},
	journal	= {Journal of Number Theory},
	volume	= {33},
	year		= {1989},
	pages	= {831--838}
}
@article{clarkcornricestankewicz14,
	author	= {Clark, Pete L. and Corn, Patrick and Rice, Alex and Stankewicz, James},
	title		= {Computation on elliptic curves with complex multiplication},
	year		= {2014},
	journal	= {LMS Journal of Computation and Mathematics},
	volume	= {17},
	number	= {1},
	publisher	= {London Mathematical Society},
	pages	= {509--535},
	doi		= {10.1112/S1461157014000072}
}
@article{clarkcookstankewicz13,
	author	= {Clark, Pete L. and Cook, Brian and Stankewicz, James},
	title		= {Torsion points on elliptic curves with complex muliplication (with an appendix by Alex Rice)},
	year		= {2013},
	number	= {2},
	pages	= {447--479},
	journal	= {International Journal of Number Theory}
}
@article{dieulefaitgonjimurroz11,
	author	= {Dieulefait, Luis and Gonz{\'a}lez-Jim{\'e}nez, Enrique and Urroz, Jorge Jim{\'e}nez},
	title		= {On fields of definition of torsion points of elliptic curves with complex multiplication},
	year		= {2011},
	journal 	= {Proceedings of the American Mathematical Society},
	volume	= {139},
 	number 	= {6},
 	pages 	= {1961--1969},
 	publisher 	= {American Mathematical Society},
 	url 		= {http://www.jstor.org/stable/41291753}
}
@article{bourdonclark20,
	author	= {Bourdon, Abbey and Clark, Pete L.},
	title		= {Torsion points and Galois representations on CM elliptic curves},
	year		= {2020},
	journal	= {Pacific Journal of Mathematics},
	volume	= {305},
	number	= {1},
	pages	= {43--88},
	doi		= {10.2140/pjm.2020.305.43}
}
@article{bourdonclark20isog,
	author	= {Bourdon, Abbey and Clark, Pete L.},
	title		= {Torsion points and isogenies on CM elliptic curves},
	year		= {2020},
	journal	= {Journal of the London Mathematical Society},
	volume	= {102},
	issue		= {2},
	pages	= {580--622},
	doi		= {10.1112/jlms.12329}
}
@misc{bourdongillrousewatson20,
      	title		= {Odd degree isolated points on $X_1(N)$ with rational $j$-invariant}, 
      	author	= {Bourdon, Abbey and Gill, David R. and Rouse, Jeremy and Watson, Lori D.},
      	year		= {2020},
      	eprint	= {2006.14966},
      	archivePrefix = {arXiv},
     	primaryClass = {math.NT}
}
@article{bourdonclarkstankewicz17,
	author	= {Bourdon, Abbey and Clark, Pete L. and Stankewicz, James},
	title		= {Torsion points on CM elliptic curves over real number fields},
	journal	= {Transactions of the American Mathematical Society},
	volume	= {369},
	year		= {2017},
	pages	= {8457--8496},
	doi		= {10.1090/tran/6905}
}
@article{gonzalezjimeneznajman20base,
	author	= {Gonz{\'a}lez-Jim{\'e}nez, Enrique and Najman, Filip},
	title		= {Growth of torsion subgroups of elliptic curves upon base change},
	year		= {2020},
	journal	= {Mathematics of Computation},
	volume	= {89},
	pages	= {1457--1485},
	doi		= {10.1090/mcom/3478}
}
@article{gonzalezjimenez17,
	author	= {Gonz{\'a}lez-Jim{\'e}nez, Enrique},
	title		= {Complete classification of the torsion structures of rational elliptic curves over quintic number fields},
	journal	= {Journal of Algebra},
	year		= {2017},
	volume	= {478},
	pages	= {484--505},
	doi		= {10.1016/j.jalgebra.2017.01.012}
}
@article{danielsgonzalezjimenez20,
	author	= {Daniels, Harris and Gonz{\'a}lez-Jim{\'e}nez, Enrique},
	title		= {On the torsion of rational elliptic curves over sextic fields},
	year		= {2020},
	journal	= {Mathematics of Computation},
	volume	= {89},
	pages	= {411--435},
	doi		= {10.1090/mcom/3440}
}
@article{guzvic21,
	author	= {Gu{\u{z}}vi\'c, Tomislav},
	title 		= {Torsion growth of rational elliptic curves in sextic number fields},
	journal 	= {Journal of Number Theory},
	volume 	= {220},
	pages 	= {330--345},
	year 		= {2021},
	doi 		= {10.1016/j.jnt.2020.09.010},
	url 		= {https://www.sciencedirect.com/science/article/pii/S0022314X20302936}
}
@misc{trbovic18,
      	title		= {Torsion groups of elliptic curves over quadratic fields $\mathbb{Q}(\sqrt{d}),$ $0<d<100$}, 
      	author	= {Trbovi\'c, Antonela},
      	year		= {2018},
      	eprint 	= {1806.05993},
      	archivePrefix = {arXiv},
      	primaryClass = {math.NT}
}
@article{levin68,
	author	= {Levin, Martin},
	title		= {On the group of rational points on elliptic curves over function fields},
	journal	= {American Journal of Mathematics},
	volume	= {90},
	number	= {2},
	pages	= {456--462},
	year		= {1968},
	doi		= {10.2307/2373538}
}
@article{coxparry80,
	author	= {Cox, David A. and Parry, Walter R.},
	year		= {1980},
	title		= {Torsion in elliptic curves over $k(t)$},
	volume	= {41},
	number	= {3},
	pages	= {337--354},
	journal	= {Compositio Mathematica}
}
@article{mcdonald1,
	author	= {McDonald, Robert J.S.},
	title		= {Torsion Subgroups of Elliptic Curves over Function Fields},
	year		= {2019},
	url 		= {https://opencommons.uconn.edu/dissertations/2106}
}
@article{mcdonald2,
	author	= {McDonald, Robert J.S.},
	title		= {Torsion subgroups of elliptic curves over function fields of genus 0},
	year		= {2018},
	volume	= {193},
	journal	= {Journal of Number Theory},
	pages	= {395--423},
	doi		= {10.1016/j.jnt.2018.05.017}
}
@article{mcdonald3,
	author	= {McDonald, Robert J.S.},
	title		= {Torsion subgroups of elliptic curves over function fields of genus 1},
	year		= {2019},
	url 	 	= {https://mathrjsm.com/research/TorsionSubgroupsEllipticCurvesFunctionFields5_3rjsm.pdf/}
}
@book{singh12,
	author	= {Singh, Simon},
	title		= {Fermat's Last Theorem},
	publisher	= {Harper Press},
	year		= {2012}
}
@article{frey86,
	author	= {Frey, Gerhard},
	title		= {Links between stable elliptic curves and certain diophantine equations},
	journal	= {Annales Universitatis Saraviensis},
	volume	= {1},
	year		= {1986},
	pages	= {1--40}
}
@article{ribet95,
	author	= {Ribet, Kenneth A.},
	title		= {Galois representations and modular forms},
	journal	= {Bulletins of the American Mathematical Society},
	volume	= {32},
	year		= {1995},
	pages	= {375--402}
}
@article{ribet90,	
	author	= {Ribet, Kenneth A.},
	year		= {1990},
	title		= {On modular representations of $\Gal(\ov{\Q}/\Q)$ arising from modular forms},
	journal	= {Inventiones Mathematicae},
	volume	= {100},
	number	= {2},
	pages	= {431--476}
}
@article{conraddiamondtaylor99,
	author	= {Conrad, Brian and Diamond, Fred and Taylor, Richard},
	title		= {Modularity of certain potentially Barsotti-Tate Galois representations},
	year		= {1999},
	volume	= {12},
	number	= {2},
	journal	= {Journal of the American Mathematical Society},
	pages	= {521--567},
	doi		= {10.1090/S0894-0347-99-00287-8}
}
@article{breuilconraddiamondtaylor01,
	author	= {Breuil, Christophe and Conrad, Brian and Diamond, Fred and Taylor, Richard},
	year		= {2001},
	title		= {On the modularity of elliptic curves over $\mathbf{Q}$: Wile 3-adic exercises},
	journal	= {Journal of the American Mathematical Society},
	volume	= {14},
	number	= {4},
	pages	= {843--939},
	doi		= {10.1090/S0894-0347-01-00370-8}
}
@article{wiles95,
	author	= {Wiles, Andrew},
	title		= {Modular elliptic curves and Fermat's Last Theorem},
	year		= {1995},
	journal	= {Annals of Mathematics},
	volume	= {141},
	number	= {3},
	pages	= {443-551},
	doi		= {10.2307/2118559}
}
@article{taylorwiles95,
	author	= {Taylor, Richard and Wiles, Andrew},
	title		= {Ring theoretic properties of certain Hecke algebras},
	year		= {1995},
	journal	= {Annals of Mathematics},
	volume	= {141},
	number	= {3},
	pages	= {553-572},
	doi		= {10.2307/2118560}
}
@article{hirakawamatsumura19,
	author	= {Hirakawa, Yoshinosuke and Matsumura, Hideki},
	title 		= {A unique pair of triangles},
	year		= {2019},
	journal	= {Journal of Number Theory},
	volume	= {194},
	pages	= {297--302},
	doi		= {10.1016/j.jnt.2018.07.007},
	url 		= {https://www.sciencedirect.com/science/article/pii/S0022314X18302269}
}
@article{zagier90,
	author	= {Zagier, Don},
	title		= {Elliptische Kurven: Fortschritte und Anwendungen},
	journal	= {Jahresbericht der Deutschen Mathematiker-Vereinigung (DMV)},
	year		= {1990},
	volume	= {92},
	number	= {2},
	pages	= {58--76}
}
@article{koblitz93,
	author	= {Koblitz, Neal},
	year		= {1993},
	title		= {Introduction to elliptic curves and modular forms},
	volume	= {97},
	edition	= {2nd edition},
	publisher	= {Graduate Texts in Mathematics, Springer, New York}
}
@book{dickson71,
	author	= {Dickson, Leonard E.},
	title		= {History of the Theory of Numbers},
	volume	= {2},
	year		= {1971},
	publisher	= {Dover Publications}
}
@book{nathanson00,
	author	= {Nathanson, Melvyn B.},
	title		= {Elementary Methods in Number Theory},
	publisher	= {Spring-Verlag},
	year		= {2000}
}
@book{hindrysilverman00,
	author	= {Hindry, Marc and Silverman, Joseph H.},
	title		= {Diophantine Geometry: An Introduction},
	publisher	= {Springer-Verlag New York},
	year		= {2000}
}
@misc{snowdenbhatt16,
	author	= {Bhatt, Bhargav and Snowden, Andrew},
	title		= {Faltings' Proof of the Mordell Conjecture},
	url 		= {https://web.math.princeton.edu/~takumim/Mordell.pdf},
	year		= {2016}
}
@article{faltings84,
	author	= {Faltings, Gerd},
	title		= {Finiteness theorems for abelian varieties over number fields},
	year		= {1984},
	journal	= {Inventiones mathematicae},
	volume	= {73},
	number	= {3},
	pages	= {349--366}
}
@article{vojta91,
	author	= {Vojta, Paul},
	year		= {1991},
	title		= {Siegel's theorem in the compact case},
	journal	= {Annals of Mathematics},
	volume	= {133},
	number	= {2},
	pages	= {509--548}
}
@article{bombieri90,
	author	= {Bombieri, Enrico},
	title		= {The Mordell conjecture revisited},
	volume	= {17},
	pages	= {615--640},
	number	= {4},
	year		= {1990},
	journal	= {Annali Della Scuola Normale Superiore Di Pisa - Classe Di Scienze}
}
@article{lawrencevankatesh20,
	author	= {Lawrence, Brian and Venkatesh, Akshay},
	title		= {Diophantine problems and $p$-adic period mappings},
	year		= {2020},
	journal	= {Inventiones mathematicae},
	volume	= {221},
	pages	= {893--999}
}
@misc{poonen20,
	author	= {Poonen, Bjorn},
	title		= {$p$-adic approaches to rational and integral points on curves},
	year		= {2020},
	url 		= {http://math.mit.edu/~poonen/papers/p-adic_approach.pdf}
}
@misc{arizona,	
	author	= {{Arizona Winter School}},
	year		= {2020},
	url 		= {https://www.math.arizona.edu/~swc/aws/2020/index.html}
}
@book{poonen17,
	author	= {Poonen, Bjorn},
	title		= {Rational Points on Varieties},
	year		= {2017},
	publisher	= {American Mathematical Society}
}
@article{chabauty41,
	author	= {Chabauty, Claude},
	title		= {Sur les points rationnels des courbes alg{\'e}briques de genre sup{\'e}rieur {\`a} l'unit{\'e}},
	year		= {1941},
	volume	= {212},
	pages	= {882--885},
	journal	= {Comptes rendus de l'Acad{\'e}mie des Sciences Paris}
}
@article{coleman85,
	author	= {Coleman, Robert F.},
	title		= {Effective Chabauty},
	journal	= {Duke Mathematics Journal},
	volume	= {52},
	number	= {3},
	pages	= {765--770},
	doi		= { 10.1215/S0012-7094-85-05240-8},
	year		= {1985}
}
@article{mccallumpoonen12,
	author	= {McCallum, William and Poonen, Bjorn},
	title		= {The method of Chabauty and Coleman},
	journal	= {Panoramas \& Synth{\`e}ses},
	volume	= {36},
	year		= {2012},
	pages	= {99--117}
}
@article{parent99,
	author	= {Parent, Pierre},
	title		= {Bornes effectives pour la torsion des courbes elliptiques sur les corps de nombres},
	journal	= {Journal f{\"u}r die reine und angewandte Mathematik},
	volume	= {506},
	year		= {1999}
}
@article{unpub,
	author	= {Derickx, Maarten and Kamienny, Sheldon and Stein, William and Stoll, Michael},
	title		= {Torsion points on elliptic curves over number fields of small degree},
	archivePrefix 	= {arXiv},
       	eprint 		= {1707.00364},
	primaryClass 	= {math.NT},
	year			= {2017}
}
@article{merel96,
	author	= {Merel, Lo{\"i}c},
	title		= {{Bornes pour la torsiondes courbes elliptiques sur les corps de nombres}},
	journal	= {Inventiones mathematicae},
	year		= {1996},
	volume	= {124},
	number	= {1},
	pages	= {437--449},
}
@article{edixhoven94,
	author	= {Edixhoven, Bas},
	title		= {Rational torsion points on elliptic curves over number fields},
	journal	= {S{\'e}minaire Nicholas Bourbaki},
	volume	= {782},
	year		= {1993--1994},
	pages	= {209--223}
}
@article{gonzalezjimeneztornero14,
	author	= {Gonz{\'a}lez-Jim{\'e}nez, Enrique and Tornero, Jos{\'e} M.},
	title		= {Torsion of rational elliptic curves over quadratic fields},
	journal	= {Revista de la Real Academia de Ciencias Exactas, Fisicas y Naturales. Serie A. Matematicas},
	volume	= {108},
	pages	= {923--934},
	year		= {2014},
	doi		= {10.1007/s13398-013-0152-4}
}
@article{gonzalezjimeneztornero16,
	author	= {Gonz{\'a}lez-Jim{\'e}nez, Enrique and Tornero, Jos{\'e} M.},
	title		= {Torsion of rational elliptic curves over quadratic fields II},
	journal	= {Revista de la Real Academia de Ciencias Exactas, Fisicas y Naturales. Serie A. Matematicas},
	volume	= {110},
	pages	= {121--143},
	year		= {2016},
	doi		= {10.1007/s13398-015-0223-9}
}
@article{gonzalezjimenezgrowth21,
	title		 = {Explicit characterization of the torsion growth of rational elliptic curves with complex multiplication over quadratic fields}, 
      	author	= {Gonz{\'a}lez-Jim{\'e}nez, Enrique},
      	year		= {2021},
      	eprint	= {1909.00637},
      	archivePrefix = {arXiv},
      	primaryClass = {math.NT}
}
@article{gonzalezjimenezgrowth20,
   	title		= {Torsion growth over cubic fields of rational elliptic curves with complex multiplication},
   	volume	= {97},
   	url 		= {http://dx.doi.org/10.5486/PMD.2020.8697},
   	doi		= {10.5486/pmd.2020.8697},
   	number	= {1-2},
   	journal	= {Publicationes Mathematicae Debrecen},
   	publisher	= {University of Debrecen/ Debreceni Egyetem},
   	author	= {Gonz{\'a}lez-Jim{\'e}nez, Enrique},
   	year		= {2020},
   	pages	= {63--76}
}
@article{gonjimnajmantornero16,
	author 	= {Gonz{\'a}lez-Jim{\'e}nez, Enrique and Najman, Filip and Tornero, Jos{\'e} M.},
	title 		= {Torsion of rational elliptic curves over cubic fields},
	volume 	= {46},
	journal 	= {Rocky Mountain Journal of Mathematics},
	number 	= {6},
	publisher 	= {Rocky Mountain Mathematics Consortium},
	pages 	= {1899--1917},
	year 		= {2016},
	doi 		= {10.1216/RMJ-2016-46-6-1899},
	url 		= {https://doi.org/10.1216/RMJ-2016-46-6-1899}
}
@article{laskalorenz85,
	author	= {Laska, Michael and Lorenz, Martin},
	title		= {Rational points on elliptic curves over $\mathbb{Q}$ in elementary abelian 2-extensions of $\mathbb{Q}$},
	journal	= {Journal f{\"u}r die reine und angewandte Mathematik},
	volume	= {355},
	pages	= {163--172},
	year		= {1985}
}
@article{fujita04,
	author	= {Fujita, Yasutsugu},
	title		= {Torsion subgroups of elliptic curves with non-cyclic torsion over $\mathbb{Q}$ in elementary abelian 2-extensions of $\mathbb{Q}$},
	journal	= {Acta Arithmetica},
	volume	= {115},
	year		= {2004},
	pages	= {29--45}
}
@article{fujita05,
	author	= {Fujita, Yasutsugu},
	title		= {Torsion subgroups of elliptic curves in elementary abelian 2-extensions of $\mathbb{Q}$},
	journal	= {Journal of Number Theory},
	volume	= {114},
	number	= {1},
	year		= {2005},
	pages	= {124--134}
}
@article{ejder18,
	author	= {Ejder, {\"O}zlem},
	title		= {Torsion subgroups of elliptic curves over quadratic cyclotomic fields in elementary abelian 2-extensions},
	year		= {2018},
	volume	= {193},
	pages	= {266--301},
	journal	= {Journal of Number Theory}
}
@article{danielslozrobnajmansutherland18,
	author 	= {Daniels, Harris B. and Lozano-Robledo, {\'A}lvaro and Najman, Filip and Sutherland, Andrew},
	title 		= {Torsion subgroups of rational elliptic curves over the compositum of all cubic fields},
	journal 	= {Mathematics of Computation},
	year 		= {2018},
	pages 	= {425--458},
	volume 	= {87}
}
@article{danielsderickhatley19,
	author	= {Daniels, Harris B. and Derickx, Maarten and Hatley, Jeffrey},
	title		= {Groups of generalized $G$-type and applications to torsion subgroups of rational elliptic curves over infinite extensions of $\mathbb{Q}$},
	volume	= {6},
	number	= {1},
	pages	= {22--52},
	journal	= {Transactions of the London Mathematical Society},
	year		= {2019}
}
@misc{daniels21,
      	title		= {An Errata for: Torsion subgroups of rational elliptic curves over the compositum of all $D_4$ extensions of the rational numbers}, 
      	author	= {Daniels, Harris B.},
      	year		= {2021},
      	eprint	= {2102.12653},
      	archivePrefix = {arXiv},
      	primaryClass = {math.NT}
}
@article{ribet81,
	author	= {Ribet, Kenneth A.},
	title		= {Torsion points of abelian varieties in cyclotomic extensions},
	journal	= {L'Enseignement Math{\'e}matique},
	year		= {1981},
	pages	= {315--319},
	volume	= {27}
}
@article{chou19,
	author	= {Chou, Michael},
	title		= {Torsion of rational elliptic curves over the maximal abelian extension of $\mathbb{Q}$},
	journal	= {Pacific Journal of Mathematics},
	volume	= {302},
	year		= {2019},
	number	= {2},
	pages	= {481--509},
	doi		= {10.2140/pjm.2019.302.481}
}
@article{washington97,
	author	= {Washington, Lawrence C.},
	title		= {Introduction to Cyclotomic Fields},
	year		= {1997},
	edition	= {2},
	publisher	= {Springer-Verlag New York}
}
@article{lang90,
	author	= {Lang, Serge},
	title		= {Cyclotomic Fields I and II},
	year		= {1990},
	publisher	= {Springer-Verlag New York},
	edition	= {2}
}
@article{greenberg99,
	author	= {Greenberg, Ralph},
	editor	= {Viola, Carlo},
	title		= {Iwasawa theory for elliptic curves},
	bookTitle	= {Arithmetic Theory of Elliptic Curves: Lectures given at the 3rd Session of the Centro Internazionale Matematico Estivo (C.I.M.E.) held in Cetraro, Italy, July 12--19, 1997},
	year		= {1999},
	publisher	= {Springer Berlin Heidelberg},
	address	= {Berlin, Heidelberg},
	pages	= {51--144},
	isbn		= {978-3-540-48160-7},
	doi		= {10.1007/BFb0093453},
	url 		= {https://doi.org/10.1007/BFb0093453}
}
@misc{guzvickrijan20,
      	title		= {Torsion groups of elliptic curves over some infinite abelian extensions of $\mathbb{Q}$}, 
      	author	= {Gu{\u{z}}vi\'c, Tomislav and Krijan, Ivan},
      	year		= {2020},
      	eprint	= {2003.08308},
      	archivePrefix = {arXiv},
      	primaryClass = {math.NT}
}
@misc{guzvic19,
      	title		= {Torsion of elliptic curves with rational $j$-invariant defined over number fields of prime degree}, 
      	author	= {Gu{\u{z}}vi\'c, Tomislav},
      	year		= {2019},
      	eprint	= {1912.04037},
      	archivePrefix = {arXiv},
      	primaryClass = {math.NT}
}
@Inbook{ribet04,
	author	= {Ribet, Kenneth A.},
	editor	= {Cremona, John E. and Lario, Joan-Carles and Quer, Jordi and Ribet, Kenneth A.},
	title		= {Abelian Varieties over $\mathbb{Q}$ and Modular Forms},	
	bookTitle	= {Modular Curves and Abelian Varieties},
	year		= {2004},
	publisher	= {Birkh{\"a}user Basel},
	address	= {Basel},
	pages	= {241--261},
	doi		= {10.1007/978-3-0348-7919-4\_15},
	url 		= {https://doi.org/10.1007/978-3-0348-7919-4\_15}
}
@article{kharewintenberger1,
	author	= {Khare, Chandrashekhar and Wintenberger, Jean-Pierre},
	title		= {JP. Serre's modularity conjecture (I)},
	journal	= {Inventiones mathematicae},
	volume	= {178},
	year		= {2009},
	doi		= {10.1007/s00222-009-0205-7},
	pages	= {485--504}
}
@article{kharewintenberger2,
	author	= {Khare, Chandrashekhar and Wintenberger, Jean-Pierre},
	title		= {JP. Serre's modularity conjecture (II)},
	journal	= {Inventiones mathematicae},
	volume	= {178},
	year		= {2009},
	doi		= {10.1007/s00222-009-0206-6},
	pages	= {505--586}
}
@article{pila17,
	author	= {Pila, Jonathan},
	title		= {On a modular Fermat equation},
	volume	= {92},
	year		= {2017},
	pages	= {85--103},
	journal	= {Commentarii Mathematici Helvetici}
}	
@article{dieulefaiturroz09,
	author	= {Dieulefait, Luis and Jorge Jim{\'e}nez},
	title		= {Solving Fermat-type equations via modular $\mathbb{Q}$-curves over polyquadratic fields},
	journal	= {Journal f{\"u}r die reine und angewandte Mathematik},
	volume	= {633},
	year		= {2009},
	pages	= {183--195}
}	
@article{rabarison10,
	author 	= {Rabarison, Patrick F.},
	journal 	= {Acta Arithmetica},
	number 	= {1},
	pages 	= {17--52},
	title 		= {Structure de torsion des courbes elliptiques sur les corps quadratiques},
	url 		= {http://eudml.org/doc/279559},
	volume 	= {144},
	year 		= {2010}
}
@article{pizzopomerancevoight20,
	author	= {Pizzo, Maggie and Pomerance, Carl and Voight, John},
	title		= {Counting elliptic curves with an isogeny of degree three},
	journal	= {Proceedings of the American Mathematical Society, Series B},
	volume	= {7},
	pages	= {28--42},
	year		= {2020},
	doi		= {10.1090/bproc/45}
}
@article{bandinipaladino16,
	author	= {Bandini, Andrea and Paladino, Laura},
	title		= {Fields generated by torsion points of elliptic curves},
	year		= {2016},
	journal	= {Journal of Number Theory},
	volume	= {169},
	pages	= {103--133}
}
@article{bandinipaladino12,
	author	= {Bandini, Andrea and Paladino, Laura},
	title		= {Number fields generated by the 3-torsion points of an elliptic curve},
	year		= {2012},
	journal	= {Monatshefte f{\"u}r Mathematik},
	volume	= {168},
	number	= {2},
	pages	= {157--181}
}
@article{velu71,
	author 	= {V{\'e}lu, J.},
	journal 	= {Comptes-Rendus de l'Acad{\'e}mie des Sciences, S{\'e}rie I},
	pages 	= {238--241},
	title 		= {Isog{\'e}nies entre courbes elliptiques},
	volume 	= 273,
	year 		= 1971
}
@book{dummitfoote,
	author	= {Dummit, David S. and Foote, Richard M.},
	title		= {Abstract Algebra},
	edition	= {3rd edition},
	publisher	= {John Wiley and Sons, Inc.},
	isbn		= {978-0471433347},
	year		= {2004}
}
@misc{conradcubic,
	author	= {Conrad, Keith},
	title		= {Galois groups of cubics and quartics (not in characteristic 2)},
	url 		= {https://kconrad.math.uconn.edu/blurbs/galoistheory/cubicquartic.pdf}
}
@book{lang93,
	author	= {Lang, Serge},
	title		= {Algebra},
	edition	= {reviewed 3rd edition},
	year		= {2002},
	publisher	= {Springer-Verlag New York}
}
@article{kubert76,
	author	= {Kubert, Daniel Sion},
	title		= {Universal Bounds on the Torsion of Elliptic Curves},
	journal	= {Proceedings of the London Mathematical Society},
	volume	= {s3-33},
	number	= {2},
	year		= {1976},
	pages	= {193--237},
	doi		= {10.1112/plms/s3-33.2.193}
}
@book{neukirch,
	author	= {Neukirch, J{\"u}rgen},
	title		= {Algebraic Number Theory},
	note		= {Translated by Schappacher, N.},
	publisher	= {Springer-Verlag Berlin Heidelberg},
	year		= {1999},
	doi		= {10.1007/978-3-662-03983-0}
}
@article{dirichlet,
	author	= {Dirichlet, Peter Gustav Lejeune},
	title		= {Beweis des Satzes, dass jede unbegrenzte arithmetische Progression, deren erstes Glied und Differenz ganze Zahlen ohne gemeinschaftlichen Factor sind, unendlich viele Primzahlen enth{\"a}lt},
	journal	= {Abhandlungen der K{\"o}niglichen Preu\S ischen Akademie der Wissenschaften zu Berlin},
	year		= {1837},
	pages	= {45--71}
}
@article{duke97,
	author	= {Duke, William},
	title		= {Elliptic curves with no exceptional primes},
	journal	= {Comptes rendus de l'Acad{\'e}mie des Sciences Paris},
	year		= {1997},
	volume	= {325},
	number	= {8},
	pages	= {813--818},
	doi		= {10.1016/S0764-4442(97)80118-8},
	note		= {English, with English and French summaries}
}
@misc{periodparallelogram,
	author	= {Derbyshire, Sam},
	year		= {2013},
	url 		= {https://commons.wikimedia.org/wiki/File:Lattice_torsion_points.svg},
	title		= {Lattice torsion points},
	journal	= {Wikimedia Commons, the free media repository}
}
@article{neron52,
     author 		= {N{\'e}ron, Andr{\'e}},
     title 		= {Probl{\`e}mes arithm{\'e}tique et g{\'e}om{\'e}triques rattach{\'e}s {\`a} la notion de rang d'une courbe alg{\'e}brique dans un corps},
     journal 		= {Bulletin de la Soci\'et\'e Math\'ematique de France},
     publisher 	= {Soci{\'e}t{\'e} math{\'e}matique de France},
     volume 	= {80},
     year 		= {1952},
     pages 		= {101--166},
}
@article{lang59,
 	author 	= {Lang, Serge and Neron, Andr{\'e}},
 	title 		= {Rational Points of Abelian Varieties Over Function Fields},
	journal 	= {American Journal of Mathematics},
 	number 	= {1},
 	pages 	= {95--118},
 	publisher 	= {Johns Hopkins University Press},
 	volume 	= {81},
 	year 		= {1959}
}
@misc{conradb,
	author	= {Conrad, Brian},
	title		= {Chow's $K/k$-Image and $K/k$-Trace, and the Lang-N{\'e}ron Theorem},
	howpublished 	= {\url{http://math.stanford.edu/~conrad/papers/Kktrace.pdf}}
}
@article{poincare01, 
	author	= {Poincar\'e, Henri},
	title		= {Sur les propri{\'e}t{\'e}s arithm{\'e}tiques des courbes alg\'ebriques},
	journal	= {Journal de Math{\'e}matiques pures et appliqu{\'e}es},
	volume	= {7},
	number	= {3},
	year		= {1901},
	pages	= {161--233} 
}
@article{mordell22,
	author	= {Mordell, L.J.},
	title		= {On the rational solutions of the indeterminate equations of the third and fourth degrees},
	journal	= {Proceedings Cambridge Philosophical Society},
	volume	= {21},
	year		= {1922},
	pages	= {179--192}
}
@article{weil29,
	author	= {Weil, Andr{\'e}},
	title		= {L'arithm\'etique sur les courbes alg\'ebriques},
	journal	= {Acta Mathematica},
	volume	= {52},
	year		= {1929},
	pages	= {281--315}
}
@misc{rankbound,
	author	= {Dujella, Andrej},
	title		= {History of elliptic curves rank records},
	url 		= {https://web.math.pmf.unizg.hr/~duje/tors/rankhist.html}
}
@article{bektemirovmazursteinwatkins07,
	author	= {Bektemirov, Baur and Mazur, Barry C. and Stein, William and Watkins, Mark},
	year		= {2007},
	title		= {Average ranks of elliptic curves: Tension between data and
conjecture},
	journal	= {Bulletin of the American Mathematical Society},
	volume	= {44},
	number	= {2},
	pages	= {233--254},
	doi		= {10.1090/S0273-0979-07-01138-X}
}
@misc{poonen15,
      	title		= {Average rank of elliptic curves}, 
      	author	= {Poonen, Bjorn},
      	year		= {2015},
      	eprint	= {1203.0809},
      	archivePrefix = {arXiv},
      	primaryClass = {math.NT}
}
@article{bhargavashankar15,
	author	= {Bhargava, Manjul and Shankar, Arul},
	title		= {Binary quartic forms having bounded invariants, and the boundedness of the average rank of elliptic curves},
	journal	= {Annals of Mathematics},
	volume	= {181},
	number	= {1},
	year		= {2015},
	pages	= {191--242},
	doi		= {10.4007/annals.2015.181.1.3}
}
@article{shatate67,
	author	= {Shafarevich, Igor and Tate, John},
	year		= {1967},
	title		= {The rank of elliptic curves},
	journal	= {Transactions of the American Mathematical Society},
	volume	= {8},
	pages	= {917--920}
}
@article{lutz37,
	author	= {Lutz, {\'E}lisabeth},
	title		= {Sur l'equation $y^2= x^3 - ax - b$ dans les corps $p$-adic},
	journal	= {Journal f{\"u}r die reine und angewandte Mathematik},
	year		= {1937},
	volume	= {177},
	pages	= {237--247}
}
@article{nagell35,
	author	= {Nagell, Trygve},
	year		= {1935},
	title		= {Solution de quelque probl{\`e}mes dans la th{\'e}orie arithm{\'e}tique des cubiques planes du premier genre},
	journal	= {Wid. Akad. Skrifter Oslo},
	number	= {1}
}
@book{baker90,
	author	= {Baker, Alan},
	title		= {Transcendental Number Theory},
	publisher	= {Cambridge University Press, Cambridge},
	year		= {1990}
}
@article{serre72,
	author	= {Serre, Jean-Pierre},
	title		= {Propri{\`e}t{\`e}s galoisiennes des points d'ordre fini des courbes elliptiques},
	journal	= {Inventiones mathematicae},
	volume	= {15},
	pages	= {259--331}
}
@article{sutherland16,
	author	= {Sutherland, Andrew},
	title		= {Computing images of Galois representations attached to elliptic curves},
	year		= {2016},
	journal	= {Forum of Mathematics, Sigma},
	volume	= {4},
	doi		= {10.1017/fms.2015.33}
}
@article{zywina15,
	author	= {Zywina, David},
	title		= {On the possible images of the mod ell representations associated to elliptic curves over $\Q$},
      year		= {2015},
      eprint		= {1508.07660},
      archivePrefix = {arXiv},
      primaryClass = {math.NT}
}		
@book{knapp92,
	author	= {Knapp, Anthony W.},
	url 		= {http://www.jstor.org/stable/j.ctv346st5},
 	publisher 	= {Princeton University Press},
 	title 		= {Elliptic Curves. (MN-40), Volume 40},
 	year 		= {1992},
	doi		= {10.2307/j.ctv346st5}
}
@misc{milne06,
	author	= {Milne, J.S.},
	title		= {Elliptic Curves},
	year		= {2006},
	publisher	= {BookSurge Publishers},
	pages	= {238+viii},
	isbn		= {1-4196-5257-5}
}
@book{husemoller04,
	author	= {Husem{\"o}ller, Dale},
	title		= {Elliptic Curves},
	edition	= {Second Edition},
	year		= {2004},
	publisher	= {Springer-Verlag New York},
	doi		= {10.1007/b97292}
}
@misc{magma1,
	author	= {Bosma, Wieb and Cannon, John and Playoust, Catherine},
	title		= {The Magma algebra system. I. The user language},
	journal	= {Journal of Symbolic Computation},
	volume	= {24},
	pages	= {235--265},
	year		= {1997},
	doi		= {http://dx.doi.org/10.1006/jsco.1996.0125}
}
@misc{magma2,
	author	= {Bosma, Wieb and Cannon, J.J. and Fieker, C. and Steel, A. (eds.)},
	title		= {Handbook of Magma functions, Edition 2.16},
	year		= {2010},
	pages	= {5017 pages},
	doi		= {http://dx.doi.org/10.1006/jsco.1996.0125}
}
@manual{sage,
  	key          	= {Sage},
  	author      	= {W.\thinspace{}A. Stein and others},
  	organization = {The Sage Development Team},
  	title        	= {{S}age {M}athematics {S}oftware ({V}ersion~8.8)},
 	 note        	= {{\tt http://www.sagemath.org}},
  	year         	= {2020}
}
@misc{lmfdb,
  	shorthand	= {LMFDB},
  	author     	= {The LMFDB Collaboration},
  	title        	= {The {L}-functions and Modular Forms Database},
  	howpublished = {\url{http://www.lmfdb.org}},
  	year         	= {2021}
}
@book{diamondshurman,
	author	= {Diamond, Fred and Shurman, Jerry},
	title		= {A First Course in Modular Forms},
	year		= {2005},
	publisher	= {Springer-Verlag New York},
	doi		= {10.1007/978-0-387-27226-9}
}
@article{cremonadat,
	author	= {Cremona, John},
	title		= {Elliptic curve data},
	url 		= {http://johncremona.github.io/ecdata/}
}









